<?xml version="1.0" encoding="UTF-8"?><collection xmlns="http://www.loc.gov/MARC21/slim"><record><leader>00339nam--2200145-i-4500</leader><controlfield tag="001">000030757</controlfield><controlfield tag="002">20161230</controlfield><controlfield tag="005">20161230201038</controlfield><controlfield tag="008">060222s1000------------r-----000-0-eng-d</controlfield><datafield ind1=" " ind2=" " tag="080"><subfield code="a">27</subfield></datafield><datafield ind1=" " ind2=" " tag="100"><subfield code="a">Mccrea  W.H</subfield></datafield><datafield ind1=" " ind2=" " tag="245"><subfield code="a">Relativity physics</subfield></datafield><datafield ind1=" " ind2=" " tag="260"><subfield code="a">London, Methven, 1954. Vii + 88p</subfield></datafield><datafield ind1=" " ind2=" " tag="490"><subfield code="a">Methuen`S Monographs</subfield></datafield><datafield ind1=" " ind2=" " tag="852"><subfield code="a">10869</subfield></datafield></record></collection>